<record><leader>00000cas a22000007a 4500</leader><controlfield tag="001">12171334</controlfield><controlfield tag="008">850618d19671969aluwr ne      0   a0eng d</controlfield><datafield ind1=" " ind2=" " tag="010"><subfield code="a">sn 85044754 </subfield></datafield><datafield ind1=" " ind2=" " tag="040"><subfield code="a">ABJ</subfield><subfield code="b">eng</subfield><subfield code="c">ABJ</subfield><subfield code="d">CPN</subfield><subfield code="d">CNK</subfield><subfield code="d">EYM</subfield><subfield code="d">OCLCQ</subfield><subfield code="d">OCLCF</subfield><subfield code="d">OCLCO</subfield></datafield><datafield ind1=" " ind2=" " tag="012"><subfield code="i">9502</subfield></datafield><datafield ind1="1" ind2=" " tag="029"><subfield code="a">AU@</subfield><subfield code="b">000020383840</subfield></datafield><datafield ind1=" " ind2=" " tag="042"><subfield code="a">msc</subfield></datafield><datafield ind1=" " ind2=" " tag="043"><subfield code="a">n-us-al</subfield></datafield><datafield ind1="0" ind2="0" tag="245"><subfield code="a">Alabama independent and Birmingham independent.</subfield></datafield><datafield ind1=" " ind2=" " tag="260"><subfield code="a">Birmingham, Ala. :</subfield><subfield code="b">Cahaba Valley News,</subfield><subfield code="c">1967-1969.</subfield></datafield><datafield ind1=" " ind2=" " tag="300"><subfield code="a">2 v. :</subfield><subfield code="b">ill.</subfield></datafield><datafield ind1=" " ind2=" " tag="310"><subfield code="a">Weekly</subfield></datafield><datafield ind1="0" ind2=" " tag="362"><subfield code="a">Vol. 5, no. 28 (Nov. 1-8, 1967)-v. 6, no. 41 (Feb. 12, 1969).</subfield></datafield><datafield ind1=" " ind2=" " tag="500"><subfield code="a">"Dedicated to a free America, independent, non-partisan, conservative; now distributed in 45 states and overseas."</subfield></datafield><datafield ind1=" " ind2=" " tag="500"><subfield code="a">Editor: Ed Comite.</subfield></datafield><datafield ind1=" " ind2=" " tag="588"><subfield code="a">Description based on surrogate; title from caption.</subfield></datafield><datafield ind1=" " ind2="0" tag="651"><subfield code="a">Birmingham (Ala.)</subfield><subfield code="v">Newspapers.</subfield></datafield><datafield ind1=" " ind2="7" tag="655"><subfield code="a">Newspapers.</subfield><subfield code="2">fast</subfield><subfield code="0">(OCoLC)fst01423814</subfield></datafield><datafield ind1=" " ind2="7" tag="651"><subfield code="a">Alabama</subfield><subfield code="z">Birmingham.</subfield><subfield code="2">fast</subfield><subfield code="0">(OCoLC)fst01204958</subfield></datafield><datafield ind1=" " ind2=" " tag="752"><subfield code="a">United States</subfield><subfield code="b">Alabama</subfield><subfield code="c">Jefferson</subfield><subfield code="d">Birmingham.</subfield></datafield><datafield ind1="0" ind2="0" tag="780"><subfield code="t">Birmingham independent and the Cahaba Valley news</subfield><subfield code="w">(DLC)sn 85044753</subfield><subfield code="w">(OCoLC)12171366</subfield></datafield><datafield ind1="0" ind2="0" tag="785"><subfield code="t">Alabama American</subfield><subfield code="w">(DLC)sn 85044755</subfield><subfield code="w">(OCoLC)12171298</subfield></datafield><datafield ind1=" " ind2=" " tag="850"><subfield code="a">MiU</subfield></datafield></record>